@misc{cryptoeprint:2022:1512,
    author       = {Thibauld Feneuil},
    title        = {Building MPCitH-based Signatures from MQ, MinRank, Rank SD and PKP},
    howpublished = {Cryptology ePrint Archive, Paper 2022/1512},
    year         = {2022},
    url          = {https://eprint.iacr.org/2022/1512}
}

@misc{cryptoeprint:2022:1645,
    author       = {Carlos Aguilar-Melchor and Nicolas Gama and James Howe and Andreas HÃ¼lsing and David Joseph and Dongze Yue},
    editor       = {Carmit Hazay and Martijn Stam},
    title        = {The Return of the SDitH},
    booktitle    = {Advances in Cryptology - {EUROCRYPT} 2023 - 42nd Annual International
                   Conference on the Theory and Applications of Cryptographic Techniques,
                   Lyon, France, April 23-27, 2023, Proceedings, Part {V}},
    series       = {Lecture Notes in Computer Science},
    volume       = {14008},
    pages        = {564--596},
    publisher    = {Springer},
    year         = {2023},
    url          = {https://doi.org/10.1007/978-3-031-30589-4_20}
}

